@book{ml4bd,
  added-at = {2013-04-18T14:55:02.000+0200},
  author = {Ratner, B.},
  biburl = {http://www.bibsonomy.org/bibtex/24a3034969b1b199f4b41bab8a0bf5f5f/schwemmlein},
  description = {Statistical and Machine-Learning Data Mining: Techniques for Better ... - Google Books},
  interhash = {83fb49e752d9e02735b23860b6844076},
  intrahash = {4a3034969b1b199f4b41bab8a0bf5f5f},
  isbn = {9781439860915},
  keywords = {data learning machine mining statistical tobuy zentralbib},
  lccn = {2011014298},
  publisher = {CRC PressINC},
  timestamp = {2013-04-18T15:09:22.000+0200},
  title = {Statistical and Machine-Learning Data Mining: Techniques for Better Predictive Modeling and Analysis of Big Data},
  url = {http://books.google.de/books?id=0KuIJTAznLUC},
  year = 2012
}

@article{bdsurvey,
  added-at = {2015-09-28T00:00:00.000+0200},
  author = {Emani, Cheikh Kacfah and Cullot, Nadine and Nicolle, Christophe},
  biburl = {http://www.bibsonomy.org/bibtex/2fda74203b2e06a59b09894b90d57bbb7/dblp},
  ee = {http://dx.doi.org/10.1016/j.cosrev.2015.05.002},
  interhash = {59f7a6e7b425cf4d517a25d38f9f7549},
  intrahash = {fda74203b2e06a59b09894b90d57bbb7},
  journal = {Computer Science Review},
  keywords = {dblp},
  pages = {70-81},
  timestamp = {2015-09-29T11:33:29.000+0200},
  title = {Understandable Big Data: A survey.},
  url = {http://dblp.uni-trier.de/db/journals/csr/csr17.html#EmaniCN15},
  volume = 17,
  year = 2015
}


@inproceedings{storm,
  added-at = {2015-04-28T00:00:00.000+0200},
  author = {Evans, Robert},
  biburl = {http://www.bibsonomy.org/bibtex/21ac93f3383ac9a3521b46a7694fb68e1/dblp},
  booktitle = {IC2E},
  crossref = {conf/ic2e/2015},
  ee = {http://dx.doi.org/10.1109/IC2E.2015.67},
  interhash = {acb4f48895a47df1d90e13ccd836c0c1},
  intrahash = {1ac93f3383ac9a3521b46a7694fb68e1},
  isbn = {978-1-4799-8218-9},
  keywords = {dblp},
  pages = 2,
  publisher = {IEEE},
  timestamp = {2015-06-18T21:12:31.000+0200},
  title = {Apache Storm, a Hands on Tutorial.},
  url = {http://dblp.uni-trier.de/db/conf/ic2e/ic2e2015.html#Evans15},
  year = 2015
}

@inproceedings{archrec,
  added-at = {2014-11-07T00:00:00.000+0100},
  author = {Ivkovic, Igor and Godfrey, Michael W.},
  biburl = {http://www.bibsonomy.org/bibtex/2b67695b558e04a25eaa10f644f52f979/dblp},
  booktitle = {IWPC},
  crossref = {conf/iwpc/2003},
  ee = {http://doi.ieeecomputersociety.org/10.1109/WPC.2003.1199211},
  interhash = {b5b4e9918d70902ace0b1f6299eb7cf6},
  intrahash = {b67695b558e04a25eaa10f644f52f979},
  keywords = {dblp},
  pages = {266-273},
  publisher = {IEEE Computer Society},
  timestamp = {2015-06-21T03:20:04.000+0200},
  title = {Enhancing Domain-Specific Software Architecture Recovery.},
  url = {http://dblp.uni-trier.de/db/conf/iwpc/iwpc2003.html#IvkovicG03},
  year = 2003
}




