@book{ml4bd,
  added-at = {2013-04-18T14:55:02.000+0200},
  author = {Ratner, B.},
  description = {Statistical and Machine-Learning Data Mining: Techniques for Better ... - Google Books},
  isbn = {9781439860915},
  keywords = {data learning machine mining statistical tobuy zentralbib},
  lccn = {2011014298},
  publisher = {CRC PressINC},
  timestamp = {2013-04-18T15:09:22.000+0200},
  title = {Statistical and Machine-Learning Data Mining: Techniques for Better Predictive Modeling and Analysis of Big Data},
  year = 2012
}

	@inproceedings{dynos,
 author = {Tamburri, Damian A. and De Boer, Remco and Di Nitto, Elisabetta and Lago, Patricia and van Vliet, Hans},
 title = {Dynamic networked organizations for software engineering},
 booktitle = {Proceedings of the 2013 International Workshop on Social Software Engineering},
 series = {SSE 2013},
 isbn = {978-1-4503-2313-0},
 pages = {5--12},
 numpages = {8},
 acmid = {2501537},
 publisher = {ACM},
 address = {New York, NY, USA},
}

@article{timed,
  added-at = {2013-10-18T15:42:13.000+0200},
  author = {{Rajeev Alur} and {David L. Dill}},
  journal = {Theoretical Computer Science},
  keywords = {Informatik},
  pages = {183?235},
  timestamp = {2013-10-18T15:42:13.000+0200},
  title = {A Theory of Timed Automata},
  volume = 126,
  year = 1994
}
@BOOK{atam,
  title = {Evaluating Software Architectures: Methods and Case Studies},
  publisher = {Addison-Wesley},
  year = {2001},
  author = {Paul Clements and Rick Kazman and Mark Klein},
  address2 = {Boston, MA},
  isbn = {978-0-201-70482-2},
  keywords = {software test v1010 book architecture engineering}
}

@article{soc,
  added-at = {2008-07-07T16:45:32.000+0200},
  author = {Mens, Tom and Wermelinger, Michel},
  biburl = {http://www.bibsonomy.org/bibtex/2e04483187021a846eb17104db3644abf/pdeleenh},
  interhash = {d16e1e11735f8ed50fa96a94158bbd28},
  intrahash = {e04483187021a846eb17104db3644abf},
  issn = {1532-060X},
  keywords = {concerns evolution, of separation software},
  number = 5,
  owner = {pdeleenh},
  pages = {311--315},
  timestamp = {2008-07-07T16:47:30.000+0200},
  title = {Issue Overview: Separation of Concerns in Software Evolution},
  volume = 14,
  year = 2002
}





@article{ossslr,
 added-at = {2013-11-20T00:00:00.000+0100},
  author = {Tamburri, Damian A. and Lago, Patricia and van Vliet, Hans},
  journal = {ACM Comput. Surv.},
  keywords = {dblp},
  number = 1,
  pages = 3,
  title = {Organizational social structures for software engineering.},
  volume = 46,
  year = 2013
}

@book{devops,
  author = {Bass, Leonard J. and Weber, Ingo M. and Zhu, Liming},
  isbn = {978-0-1340-4984-7},
  keywords = {dblp},
  pages = {I-XVIII, 1-332},
  publisher = {Addison-Wesley},
  series = {SEI series in software engineering},
  title = {DevOps - A Software Architect's Perspective.},
  year = 2015
}

@book{mda,
  added-at = {2007-01-14T17:54:12.000+0100},
  address = {New York, NY, USA},
  author = {Frankel, David},
  isbn = {0471319201},
  keywords = {mda pim psm transformation},
  publisher = {John Wiley \& Sons, Inc.},
  timestamp = {2007-04-16T16:05:52.000+0200},
  title = {Model Driven Architecture: Applying MDA to Enterprise Computing},
  year = 2002
}




@BOOK{casestudy,
  title = {Case study research in education: A qualitative approach},
  publisher = {Jossey-Bass Publishers},
  year = {1991},
  author = {Merriam, S B},
  volume = {1},
  number = {1980},
  pages = {226},
  url = {http://psycnet.apa.org/psycinfo/1989-97006-000}
}

@inproceedings{lambda,
  added-at = {2015-11-18T00:00:00.000+0100},
  author = {Quartulli, Marco and Lozano, Javier and Olaizola, Igor G.},
  booktitle = {IGARSS},
  isbn = {978-1-4799-7929-5},
  keywords = {dblp},
  pages = {1492-1495},
  OPTpublisher = {IEEE},
  timestamp = {2015-11-19T11:37:39.000+0100},
  title = {Beyond the lambda architecture: Effective scheduling for large scale EO information mining and interactive thematic mapping.},
  year = 2015
}



@article{zot,
 author = {Furia, Carlo A. and Mandrioli, Dino and Morzenti, Angelo and Rossi, Matteo},
 title = {Modeling Time in Computing: A Taxonomy and a Comparative Survey},
 journal = {ACM Comput. Surv.},
 issue_date = {February 2010},
 volume = {42},
 number = {2},
 month = mar,
 year = {2010},
 issn = {0360-0300},
 pages = {6:1--6:59},
 articleno = {6},
 numpages = {59},
 acmid = {1667063},
 publisher = {ACM},
 address = {New York, NY, USA},
 keywords = {Temporal aspects of computing, dynamic systems, time modeling},
}


@book{focusgroup,
  added-at = {2008-07-13T11:15:48.000+0200},
  author = {Morgan, David L.},
  keywords = {imported},
  publisher = {Sage Publications, Thousand Oaks},
  timestamp = {2008-07-13T11:16:58.000+0200},
  title = {Focus groups as qualitative research},
  year = 1997
}

@book{selfeth,
  added-at = {2007-04-02T22:53:03.000+0200},
  address = {London},
  author = {Hammersley, Martin and Atkinson, Paul},
  keywords = {Anthropology Ethnography},
  publisher = {Routledge},
  timestamp = {2007-04-03T09:05:02.000+0200},
  title = {Ethnography},
  year = 2003
}




@book{patternoriented2000,
  added-at = {2012-12-17T14:31:51.000+0100},
  author = {Schmidt, Douglas C. and Stal, Michael and Rohnert, Hans and Buschmann, Frank},
  keywords = {architecture pattern},
  publisher = {John Wiley, Chichester, England},
  timestamp = {2012-12-17T14:33:31.000+0100},
  title = {Pattern-oriented software architecture. Vol. 2, Patterns for concurrent and networked objects},
  year = 2000
}

@inproceedings{icsoft,
  added-at = {2015-10-22T00:00:00.000+0200},
  author = {Bersani, Marcello M. and Distefano, Salvatore and Ferrucci, Luca and Mazzara, Manuel},
  booktitle = {ICSOFT (Selected Papers)},
  crossref = {conf/icsoft/2014s},
  OPTeditor = {Holzinger, Andreas and Cardoso, Jorge and Cordeiro, José and Libourel, Thérèse and Maciaszek, Leszek A. and van Sinderen, Marten},
  isbn = {978-3-319-25578-1},
  keywords = {dblp},
  pages = {365-383},
  publisher = {Springer},
  series = {Communications in Computer and Information Science},
  timestamp = {2015-10-23T11:35:30.000+0200},
  title = {A Timed Semantics of Workflows.},
  volume = 555,
  year = 2014
}



@article{ibmspl,
  added-at = {2013-08-23T00:00:00.000+0200},
  author = {Hirzel, Martin and Andrade, Henrique and Gedik, Bugra and Jacques-Silva, Gabriela and Khandekar, Rohit and Kumar, Vibhore and Mendell, Mark P. and Nasgaard, Howard and Schneider, Scott and Soulé, Robert and Wu, Kun-Lung},
  journal = {IBM Journal of Research and Development},
  keywords = {dblp},
  number = {3/4},
  pages = 7,
  timestamp = {2013-08-24T11:35:46.000+0200},
  title = {IBM Streams Processing Language: Analyzing Big Data in motion.},
  volume = 57,
  year = 2013
}



@article{bdsurvey,
  added-at = {2015-09-28T00:00:00.000+0200},
  author = {Emani, Cheikh Kacfah and Cullot, Nadine and Nicolle, Christophe},
  journal = {Computer Science Review},
  keywords = {dblp},
  pages = {70-81},
  timestamp = {2015-09-29T11:33:29.000+0200},
  title = {Understandable Big Data: A survey.},
  volume = 17,
  year = 2015
}


@inproceedings{storm,
  added-at = {2015-04-28T00:00:00.000+0200},
  author = {Evans, Robert},
  booktitle = {IC2E},
  isbn = {978-1-4799-8218-9},
  keywords = {dblp},
  pages = 2,
  publisher = {IEEE},
  timestamp = {2015-06-18T21:12:31.000+0200},
  title = {Apache Storm, a Hands on Tutorial.},
  year = 2015
}

@inproceedings{archrec,
  added-at = {2014-11-07T00:00:00.000+0100},
  author = {Ivkovic, Igor and Godfrey, Michael W.},
  booktitle = {IWPC},
  keywords = {dblp},
  pages = {266-273},
  publisher = {IEEE Computer Society},
  timestamp = {2015-06-21T03:20:04.000+0200},
  title = {Enhancing Domain-Specific Software Architecture Recovery.},
  year = 2003
}


@article{bigdatareliab,
  added-at = {2015-07-27T00:00:00.000+0200},
  author = {Tamura, Yoshinobu and Yamada, Shigeru},
  journal = {Entropy},
  keywords = {dblp},
  number = 7,
  pages = {4533-4546},
  timestamp = {2015-07-28T11:35:17.000+0200},
  title = {Reliability Analysis Based on a Jump Diffusion Model with Two Wiener Processes for Cloud Computing with Big Data.},
  volume = 17,
  year = 2015
}



@article{perfbd,
  added-at = {2015-10-12T00:00:00.000+0200},
  author = {Wang, Dan and Liu, Jiangchuan},
  journal = {IEEE Network},
  keywords = {dblp},
  number = 5,
  pages = {31-35},
  timestamp = {2015-10-13T11:32:55.000+0200},
  title = {Optimizing big data processing performance in the public cloud: opportunities and approaches.},
  volume = 29,
  year = 2015
}

@inproceedings{stormgen,
  added-at = {2015-02-06T00:00:00.000+0100},
  author = {Chandrasekaran, K. and Santurkar, Siddharth and Arora, Abhishek},
  booktitle = {FedCSIS},
  crossref = {conf/fedcsis/2014},
  OPTeditor = {Ganzha, Maria and Maciaszek, Leszek A. and Paprzycki, Marcin},
  isbn = {978-83-60810-58-3},
  keywords = {dblp},
  pages = {1621-1628},
  timestamp = {2015-06-18T13:54:29.000+0200},
  title = {Stormgen - A Domain specific language to create ad-hoc Storm Topologies.},
  year = 2014
}

@inproceedings{jamshidi-vldb,
	author = {Jamshidi, P. and Casale, G.},
	booktitle = {VLDB (under evaluation)},
	title = {An Uncertainty-Aware Approach to Optimal Configuration of Stream Processing Systems.},
	year = 2016
}

@article{brunnert2015performance,
	title={Performance-oriented DevOps: A Research Agenda},
	author={Brunnert, Andreas and van Hoorn, Andr{\'e} and Willnecker, Felix and Danciu, Alexandru and Hasselbring, Wilhelm and Heger, Christoph and Herbst, Nikolas and Jamshidi, Pooyan and Jung, Reiner and von Kistowski, Joakim and others},
	journal={arXiv preprint arXiv:1508.04752},
	year={2015}
}

@inproceedings{toshniwal2014storm,
  title={Storm@ twitter},
  author={Toshniwal, Ankit and Taneja, Siddarth and Shukla, Amit and Ramasamy, Karthik and Patel, Jignesh M and Kulkarni, Sanjeev and Jackson, Jason and Gade, Krishna and Fu, Maosong and Donham, Jake and others},
  booktitle={Proceedings of the 2014 ACM SIGMOD international conference on Management of data},
  pages={147--156},
  year={2014},
  organization={ACM}
}

@article{DD07,
  author    = {St\'{e}phane Demri and
               Deepak D'Souza},
  title     = {An automata-theoretic approach to constraint {LTL}},
  journal   = {Information and  Computation},
  volume    = {205},
  number    = {3},
  year      = {2007},
  pages     = {380-415},
   bibsource = {DBLP, http://dblp.uni-trier.de}
}

@Article{BRS15,
author="Bersani, Marcello M.
and Rossi, Matteo
and San Pietro, Pierluigi",
title="A tool for deciding the satisfiability of continuous-time metric temporal logic",
journal="Acta Informatica",
year="2015",
pages="1--36",
issn="1432-0525",
doi="10.1007/s00236-015-0229-y",
}

@article{MPS13,
 author = {Pradella, Matteo and Morzenti, Angelo and Pietro, Pierluigi San},
 title = {Bounded Satisfiability Checking of Metric Temporal Logic Specifications},
 journal = {ACM Trans. Softw. Eng. Methodol.},
 issue_date = {July 2013},
 volume = {22},
 number = {3},
 month = jul,
 year = {2013},
 issn = {1049-331X},
 pages = {20:1--20:54},
 articleno = {20},
 numpages = {54},
 doi = {10.1145/2491509.2491514},
 acmid = {2491514},
 publisher = {ACM},
 address = {New York, NY, USA},
 keywords = {Formal methods, bi-infinite time, bounded model checking, refinement, temporal logic},
}

@inprooceedings{dicomputational,
author    = {Tommaso Di Noia, Marina Mongiello and Eugenio Di Sciascio},
title     = {A Computational Model for Mapreduce Job Flow},
booktitle = {Proceedings of the 29th Italian Conference on Computational Logic, Torino, Italy, June 16-18, 2014.},
pages     = {335--340},
year      = {2014},
OPTurl       = {http://ceur-ws.org/Vol-1195/short6.pdf}
}

@inproceedings{yang2010formalizing,
author = {Yang, Fan and Su, Wen and Zhu, Huibiao and Li, Qin},
 title = {Formalizing MapReduce with CSP},
 OPTbooktitle = {Proceedings of the 2010 17th IEEE International Conference and Workshops on the Engineering of Computer-Based Systems},
 booktitle = {Proceedings of ECBS},
 OPTseries = {ECBS '10},
 year = {2010},
 isbn = {978-0-7695-4005-4},
 pages = {358--367},
 numpages = {10},
 OTPurl = {http://dx.doi.org/10.1109/ECBS.2010.50},
 doi = {10.1109/ECBS.2010.50},
 acmid = {1796985},
 publisher = {IEEE Computer Society},
 OTPaddress = {Washington, DC, USA},
 keywords = {CSP, MapReduce, Cloud Computing},
}

@inproceedings{camilli2014,
	author = {Camilli, Matteo},
	title = {Formal Verification Problems in a Big Data World: Towards a Mighty Synergy},
	booktitle = {Companion Proceedings of the 36th International Conference on Software Engineering},
	series = {ICSE Companion 2014},
	year = {2014},
	isbn = {978-1-4503-2768-8},
	location = {Hyderabad, India},
	pages = {638--641},
	numpages = {4},
	doi = {10.1145/2591062.2591088},
	acmid = {2591088},
	publisher = {ACM},
	address = {New York, NY, USA},
	keywords = {Big Data, CTL, Formal Verification, MapReduce},
}

@inproceedings{R-Storm2015Peng,
 author = {Peng, Boyang and Hosseini, Mohammad and Hong, Zhihao and Farivar, Reza and Campbell, Roy},
 title = {R-Storm: Resource-Aware Scheduling in Storm},
 booktitle = {Proceedings of the 16th Annual Middleware Conference},
 series = {Middleware '15},
 year = {2015},
 isbn = {978-1-4503-3618-5},
 location = {Vancouver, BC, Canada},
 pages = {149--161},
 numpages = {13},
 url = {http://doi.acm.org/10.1145/2814576.2814808},
 doi = {10.1145/2814576.2814808},
 acmid = {2814808},
 publisher = {ACM},
 address = {New York, NY, USA},
 keywords = {Resource-Aware Scheduling, Storm, Stream Processing},
}

@inproceedings{Aniello2013Adaptive,
 author = {Aniello, Leonardo and Baldoni, Roberto and Querzoni, Leonardo},
 title = {Adaptive Online Scheduling in Storm},
 booktitle = {Proceedings of the 7th ACM International Conference on Distributed Event-based Systems},
 series = {DEBS '13},
 year = {2013},
 isbn = {978-1-4503-1758-0},
 location = {Arlington, Texas, USA},
 pages = {207--218},
 numpages = {12},
 url = {http://doi.acm.org/10.1145/2488222.2488267},
 doi = {10.1145/2488222.2488267},
 acmid = {2488267},
 publisher = {ACM},
 address = {New York, NY, USA},
 keywords = {cep, distributed event processing, scheduling, storm},
}



@online{gartner,
title= {},
url = {http://www.gartner.com/newsroom/id/2637615},
}

@online{spark,
title= {},
url = {http://spark.apache.org/},
}

@online{hadoop,
title= {},
url = {https://hadoop.apache.org/},
}

@online{storm,
title= {},
url = {http://storm.apache.org/},
}

@online{kafka,
title= {},
url = {http://kafka.apache.org/},
}

@online{dice2020,
title= {},
url = {http://www.dice-h2020.eu/},
}

@online{ostia,
title= {},
url = {https://github.com/maelstromdat/OSTIA},
}

@online{socialsensor,
title= {},
url = {https://github.com/socialsensor},
}

@online{storm-crawler,
title= {},
url = {https://github.com/DigitalPebble/storm-crawler},
}

@online{stormCV,
title= {},
url = {https://github.com/sensorstorm/StormCV},
}

@online{digitalpebble,
title= {},
url = {https://github.com/DigitalPebble},
}


@online{zot,
title= {},
url = {https://github.com/fm-polimi/zot},
}

@article{balalaie2016microservices,
	title={Microservices Architecture Enables DevOps: an Experience Report on Migration to a Cloud-Native Architecture},
	author={Balalaie, Armin and Heydarnoori, Abbas and Jamshidi, Pooyan},
	year={2016},
	publisher={IEEE}
}