@book{ml4bd,
  added-at = {2013-04-18T14:55:02.000+0200},
  author = {Ratner, B.},
  biburl = {http://www.bibsonomy.org/bibtex/24a3034969b1b199f4b41bab8a0bf5f5f/schwemmlein},
  description = {Statistical and Machine-Learning Data Mining: Techniques for Better ... - Google Books},
  interhash = {83fb49e752d9e02735b23860b6844076},
  intrahash = {4a3034969b1b199f4b41bab8a0bf5f5f},
  isbn = {9781439860915},
  keywords = {data learning machine mining statistical tobuy zentralbib},
  lccn = {2011014298},
  publisher = {CRC PressINC},
  timestamp = {2013-04-18T15:09:22.000+0200},
  title = {Statistical and Machine-Learning Data Mining: Techniques for Better Predictive Modeling and Analysis of Big Data},
  url = {http://books.google.de/books?id=0KuIJTAznLUC},
  year = 2012
}

@article{ossslr,
 added-at = {2013-11-20T00:00:00.000+0100},
  author = {Tamburri, Damian A. and Lago, Patricia and van Vliet, Hans},
  ee = {http://doi.acm.org/10.1145/2522968.2522971},
  journal = {ACM Comput. Surv.},
  keywords = {dblp},
  number = 1,
  pages = 3,
  timestamp = {2013-11-20T00:00:00.000+0100},
  title = {Organizational social structures for software engineering.},
  volume = 46,
  year = 2013
}

@book{devops,
  added-at = {2015-12-15T00:00:00.000+0100},
  author = {Bass, Leonard J. and Weber, Ingo M. and Zhu, Liming},
  biburl = {http://www.bibsonomy.org/bibtex/2b9757cbb3c8d7a4e250760b236c8ee5b/dblp},
  ee = {http://bookshop.pearson.de/devops.html?productid=208463},
  interhash = {710551ed5331fc000f4b19f1a1e5b535},
  intrahash = {b9757cbb3c8d7a4e250760b236c8ee5b},
  isbn = {978-0-1340-4984-7},
  keywords = {dblp},
  pages = {I-XVIII, 1-332},
  publisher = {Addison-Wesley},
  series = {SEI series in software engineering},
  timestamp = {2015-12-16T11:36:07.000+0100},
  title = {DevOps - A Software Architect's Perspective.},
  year = 2015
}

@book{mda,
  added-at = {2007-01-14T17:54:12.000+0100},
  address = {New York, NY, USA},
  author = {Frankel, David},
  biburl = {http://www.bibsonomy.org/bibtex/29c3870cc654737c4d6b32273566af692/fparreiras},
  interhash = {7ad2fe77b5b9f1ee9f65c7a01f7ad65a},
  intrahash = {9c3870cc654737c4d6b32273566af692},
  isbn = {0471319201},
  keywords = {mda pim psm transformation},
  publisher = {John Wiley \& Sons, Inc.},
  timestamp = {2007-04-16T16:05:52.000+0200},
  title = {Model Driven Architecture: Applying MDA to Enterprise Computing},
  year = 2002
}




@BOOK{casestudy,
  title = {Case study research in education: A qualitative approach},
  publisher = {Jossey-Bass Publishers},
  year = {1991},
  author = {Merriam, S B},
  volume = {1},
  number = {1980},
  pages = {226},
  url = {http://psycnet.apa.org/psycinfo/1989-97006-000}
}

@inproceedings{lambda,
  added-at = {2015-11-18T00:00:00.000+0100},
  author = {Quartulli, Marco and Lozano, Javier and Olaizola, Igor G.},
  biburl = {http://www.bibsonomy.org/bibtex/2381110da187e8b0b861781af6e2e03d2/dblp},
  booktitle = {IGARSS},
  crossref = {conf/igarss/2015},
  ee = {http://dx.doi.org/10.1109/IGARSS.2015.7326062},
  interhash = {ce4b7653c4aa6a1f441d093208564e7d},
  intrahash = {381110da187e8b0b861781af6e2e03d2},
  isbn = {978-1-4799-7929-5},
  keywords = {dblp},
  pages = {1492-1495},
  publisher = {IEEE},
  timestamp = {2015-11-19T11:37:39.000+0100},
  title = {Beyond the lambda architecture: Effective scheduling for large scale EO information mining and interactive thematic mapping.},
  url = {http://dblp.uni-trier.de/db/conf/igarss/igarss2015.html#QuartulliLO15},
  year = 2015
}



@article{zot,
 author = {Furia, Carlo A. and Mandrioli, Dino and Morzenti, Angelo and Rossi, Matteo},
 title = {Modeling Time in Computing: A Taxonomy and a Comparative Survey},
 journal = {ACM Comput. Surv.},
 issue_date = {February 2010},
 volume = {42},
 number = {2},
 month = mar,
 year = {2010},
 issn = {0360-0300},
 pages = {6:1--6:59},
 articleno = {6},
 numpages = {59},
 url = {http://doi.acm.org/10.1145/1667062.1667063},
 doi = {10.1145/1667062.1667063},
 acmid = {1667063},
 publisher = {ACM},
 address = {New York, NY, USA},
 keywords = {Temporal aspects of computing, dynamic systems, time modeling},
} 


@book{focusgroup,
  added-at = {2008-07-13T11:15:48.000+0200},
  author = {Morgan, David L.},
  biburl = {http://www.bibsonomy.org/bibtex/2252f093aa81f2235a10ec053d5965155/snauth},
  interhash = {85be63075d48f6ca4e502741bf227250},
  intrahash = {252f093aa81f2235a10ec053d5965155},
  keywords = {imported},
  publisher = {Sage Publications, Thousand Oaks},
  timestamp = {2008-07-13T11:16:58.000+0200},
  title = {Focus groups as qualitative research},
  year = 1997
}

@book{selfeth,
  added-at = {2007-04-02T22:53:03.000+0200},
  address = {London},
  author = {Hammersley, Martin and Atkinson, Paul},
  biburl = {http://www.bibsonomy.org/bibtex/2d2dfc06a5ac8377d7f1687a95ca494fe/rosag},
  interhash = {df36f03b6957ae4cb5280900494a2840},
  intrahash = {d2dfc06a5ac8377d7f1687a95ca494fe},
  keywords = {Anthropology Ethnography},
  publisher = {Routledge},
  timestamp = {2007-04-03T09:05:02.000+0200},
  title = {Ethnography},
  year = 2003
}




@book{patternoriented2000,
  added-at = {2012-12-17T14:31:51.000+0100},
  author = {Schmidt, Douglas C. and Stal, Michael and Rohnert, Hans and Buschmann, Frank},
  biburl = {http://www.bibsonomy.org/bibtex/2affb38d97fb88cac7875d3696047a71f/flrnb},
  interhash = {ff9278bb0c645cb627542e0ea289c877},
  intrahash = {affb38d97fb88cac7875d3696047a71f},
  keywords = {architecture pattern},
  publisher = {John Wiley, Chichester, England},
  timestamp = {2012-12-17T14:33:31.000+0100},
  title = {Pattern-oriented software architecture. Vol. 2, Patterns for concurrent and networked objects},
  year = 2000
}

@inproceedings{icsoft,
  added-at = {2015-10-22T00:00:00.000+0200},
  author = {Bersani, Marcello M. and Distefano, Salvatore and Ferrucci, Luca and Mazzara, Manuel},
  biburl = {http://www.bibsonomy.org/bibtex/26c207b34c47720e36596188396a06ee8/dblp},
  booktitle = {ICSOFT (Selected Papers)},
  crossref = {conf/icsoft/2014s},
  editor = {Holzinger, Andreas and Cardoso, Jorge and Cordeiro, José and Libourel, Thérèse and Maciaszek, Leszek A. and van Sinderen, Marten},
  ee = {http://dx.doi.org/10.1007/978-3-319-25579-8_21},
  interhash = {adad4a54794da0b3f882fefae8fb2485},
  intrahash = {6c207b34c47720e36596188396a06ee8},
  isbn = {978-3-319-25578-1},
  keywords = {dblp},
  pages = {365-383},
  publisher = {Springer},
  series = {Communications in Computer and Information Science},
  timestamp = {2015-10-23T11:35:30.000+0200},
  title = {A Timed Semantics of Workflows.},
  url = {http://dblp.uni-trier.de/db/conf/icsoft/icsoft2014s.html#BersaniDFM14},
  volume = 555,
  year = 2014
}



@article{ibmspl,
  added-at = {2013-08-23T00:00:00.000+0200},
  author = {Hirzel, Martin and Andrade, Henrique and Gedik, Bugra and Jacques-Silva, Gabriela and Khandekar, Rohit and Kumar, Vibhore and Mendell, Mark P. and Nasgaard, Howard and Schneider, Scott and Soulé, Robert and Wu, Kun-Lung},
  biburl = {http://www.bibsonomy.org/bibtex/2ca7d617eb74436eb8da5f1b8538044b4/dblp},
  ee = {http://dx.doi.org/10.1147/JRD.2013.2243535},
  interhash = {f04327aa1cc698ec0dbc3c4de57f1b91},
  intrahash = {ca7d617eb74436eb8da5f1b8538044b4},
  journal = {IBM Journal of Research and Development},
  keywords = {dblp},
  number = {3/4},
  pages = 7,
  timestamp = {2013-08-24T11:35:46.000+0200},
  title = {IBM Streams Processing Language: Analyzing Big Data in motion.},
  url = {http://dblp.uni-trier.de/db/journals/ibmrd/ibmrd57.html#HirzelAGJKKMNSSW13},
  volume = 57,
  year = 2013
}



@article{bdsurvey,
  added-at = {2015-09-28T00:00:00.000+0200},
  author = {Emani, Cheikh Kacfah and Cullot, Nadine and Nicolle, Christophe},
  biburl = {http://www.bibsonomy.org/bibtex/2fda74203b2e06a59b09894b90d57bbb7/dblp},
  ee = {http://dx.doi.org/10.1016/j.cosrev.2015.05.002},
  interhash = {59f7a6e7b425cf4d517a25d38f9f7549},
  intrahash = {fda74203b2e06a59b09894b90d57bbb7},
  journal = {Computer Science Review},
  keywords = {dblp},
  pages = {70-81},
  timestamp = {2015-09-29T11:33:29.000+0200},
  title = {Understandable Big Data: A survey.},
  url = {http://dblp.uni-trier.de/db/journals/csr/csr17.html#EmaniCN15},
  volume = 17,
  year = 2015
}


@inproceedings{storm,
  added-at = {2015-04-28T00:00:00.000+0200},
  author = {Evans, Robert},
  biburl = {http://www.bibsonomy.org/bibtex/21ac93f3383ac9a3521b46a7694fb68e1/dblp},
  booktitle = {IC2E},
  crossref = {conf/ic2e/2015},
  ee = {http://dx.doi.org/10.1109/IC2E.2015.67},
  interhash = {acb4f48895a47df1d90e13ccd836c0c1},
  intrahash = {1ac93f3383ac9a3521b46a7694fb68e1},
  isbn = {978-1-4799-8218-9},
  keywords = {dblp},
  pages = 2,
  publisher = {IEEE},
  timestamp = {2015-06-18T21:12:31.000+0200},
  title = {Apache Storm, a Hands on Tutorial.},
  url = {http://dblp.uni-trier.de/db/conf/ic2e/ic2e2015.html#Evans15},
  year = 2015
}

@inproceedings{archrec,
  added-at = {2014-11-07T00:00:00.000+0100},
  author = {Ivkovic, Igor and Godfrey, Michael W.},
  biburl = {http://www.bibsonomy.org/bibtex/2b67695b558e04a25eaa10f644f52f979/dblp},
  booktitle = {IWPC},
  crossref = {conf/iwpc/2003},
  ee = {http://doi.ieeecomputersociety.org/10.1109/WPC.2003.1199211},
  interhash = {b5b4e9918d70902ace0b1f6299eb7cf6},
  intrahash = {b67695b558e04a25eaa10f644f52f979},
  keywords = {dblp},
  pages = {266-273},
  publisher = {IEEE Computer Society},
  timestamp = {2015-06-21T03:20:04.000+0200},
  title = {Enhancing Domain-Specific Software Architecture Recovery.},
  url = {http://dblp.uni-trier.de/db/conf/iwpc/iwpc2003.html#IvkovicG03},
  year = 2003
}


@article{bigdatareliab,
  added-at = {2015-07-27T00:00:00.000+0200},
  author = {Tamura, Yoshinobu and Yamada, Shigeru},
  biburl = {http://www.bibsonomy.org/bibtex/2d50b13efa992a94c838fe67bd1e3e244/dblp},
  ee = {http://dx.doi.org/10.3390/e17074533},
  interhash = {b889b0522422fa60430360fe5e636c14},
  intrahash = {d50b13efa992a94c838fe67bd1e3e244},
  journal = {Entropy},
  keywords = {dblp},
  number = 7,
  pages = {4533-4546},
  timestamp = {2015-07-28T11:35:17.000+0200},
  title = {Reliability Analysis Based on a Jump Diffusion Model with Two Wiener Processes for Cloud Computing with Big Data.},
  url = {http://dblp.uni-trier.de/db/journals/entropy/entropy17.html#TamuraY15},
  volume = 17,
  year = 2015
}



@article{perfbd,
  added-at = {2015-10-12T00:00:00.000+0200},
  author = {Wang, Dan and Liu, Jiangchuan},
  biburl = {http://www.bibsonomy.org/bibtex/2702a8d3abc4d063e08a2c341b9229d45/dblp},
  ee = {http://dx.doi.org/10.1109/MNET.2015.7293302},
  interhash = {d13a447e2393f306cf35c6a8d045647f},
  intrahash = {702a8d3abc4d063e08a2c341b9229d45},
  journal = {IEEE Network},
  keywords = {dblp},
  number = 5,
  pages = {31-35},
  timestamp = {2015-10-13T11:32:55.000+0200},
  title = {Optimizing big data processing performance in the public cloud: opportunities and approaches.},
  url = {http://dblp.uni-trier.de/db/journals/network/network29.html#WangL15},
  volume = 29,
  year = 2015
}

@inproceedings{stormgen,
  added-at = {2015-02-06T00:00:00.000+0100},
  author = {Chandrasekaran, K. and Santurkar, Siddharth and Arora, Abhishek},
  biburl = {http://www.bibsonomy.org/bibtex/263dc902eee52259cfced281d1bff5552/dblp},
  booktitle = {FedCSIS},
  crossref = {conf/fedcsis/2014},
  editor = {Ganzha, Maria and Maciaszek, Leszek A. and Paprzycki, Marcin},
  ee = {http://dx.doi.org/10.15439/2014F278},
  interhash = {43205b7f62e1af6ddc9c14df647299eb},
  intrahash = {63dc902eee52259cfced281d1bff5552},
  isbn = {978-83-60810-58-3},
  keywords = {dblp},
  pages = {1621-1628},
  timestamp = {2015-06-18T13:54:29.000+0200},
  title = {Stormgen - A Domain specific language to create ad-hoc Storm Topologies.},
  url = {http://dblp.uni-trier.de/db/conf/fedcsis/fedcsis2014.html#ChandrasekaranSA14},
  year = 2014
}

@inproceedings{jamshidi-vldb,
	author = {Jamshidi, P. and Casale, G.},
	booktitle = {VLDB (under evaluation)},
	title = {An Uncertainty-Aware Approach to Optimal Configuration of Stream Processing Systems.},
	year = 2016
}

@article{brunnert2015performance,
	title={Performance-oriented DevOps: A Research Agenda},
	author={Brunnert, Andreas and van Hoorn, Andr{\'e} and Willnecker, Felix and Danciu, Alexandru and Hasselbring, Wilhelm and Heger, Christoph and Herbst, Nikolas and Jamshidi, Pooyan and Jung, Reiner and von Kistowski, Joakim and others},
	journal={arXiv preprint arXiv:1508.04752},
	year={2015}
}
